<?xml version="1.0" encoding="UTF-8"?><collection xmlns="http://www.loc.gov/MARC21/slim"><record><leader>00394nam--2200133-i-4500</leader><controlfield tag="001">000042302</controlfield><controlfield tag="002">20161230</controlfield><controlfield tag="005">20161230201043</controlfield><controlfield tag="008">060222s1000------------r-----000-0-eng-d</controlfield><datafield ind1=" " ind2=" " tag="080"><subfield code="a">621.038.526</subfield></datafield><datafield ind1=" " ind2=" " tag="100"><subfield code="a">Soto Hesles,Juan B</subfield></datafield><datafield ind1=" " ind2=" " tag="245"><subfield code="a">Etude neutronique du reacteur couple thermique-rapide cobra. these</subfield></datafield><datafield ind1=" " ind2=" " tag="260"><subfield code="a">Paris, Orsay, L`Univ.De Paris Xi Centre D`Orsay, 1976. 106 P</subfield></datafield><datafield ind1=" " ind2=" " tag="852"><subfield code="a">44088</subfield></datafield></record></collection>